<?xml version="1.0" encoding="utf-8"?>
<record xmlns="http://www.loc.gov/MARC21/slim" xmlns:xsi="http://www.w3.org/2001/XMLSchema-instance" xsi:schemaLocation="http://www.loc.gov/MARC21/slim http://www.loc.gov/standards/marcxml/schema/MARC21slim.xsd">
	<leader>     nam a22     Mi 4500</leader>
	<controlfield tag="001">6161</controlfield>
	<controlfield tag="003">aeadna</controlfield>
	<controlfield tag="006">m        d        </controlfield>
	<controlfield tag="007">cr cn |||m|||a</controlfield>
	<controlfield tag="008">200219s1949||||ua     fo    a00| p|ara|u</controlfield>
	<datafield ind1=" " ind2=" " tag="040">
		<subfield code="a">ZYU</subfield>
		<subfield code="b">ara</subfield>
		<subfield code="c">ZYU</subfield>
	</datafield>
	<datafield ind1="0" ind2=" " tag="041">
		<subfield code="a">ara</subfield>
	</datafield>
	<datafield ind1=" " ind2="4" tag="050">
		<subfield code="a">PJ7750.S5</subfield>
		<subfield code="b">.A17 1949</subfield>
	</datafield>
	<datafield ind1="2" ind2=" " tag="100">
		<subfield code="a">الشريف الرضي، محمد بن الحسين،</subfield>
		<subfield code="d">969 أو 970-1016.</subfield>
	</datafield>
	<datafield ind1="1" ind2="0" tag="082">
		<subfield code="a">811.009</subfield>
		<subfield code="b">21</subfield>
	</datafield>
	<datafield ind1="1" ind2="0" tag="245">
		<subfield code="a">شرح ديوان الشريف الرضي</subfield>
		<subfield code="h">[electronic resource] /</subfield>
		<subfield code="c"> تأليف محمد محي الدين عبدالحميد</subfield>
	</datafield>
	<datafield ind1="3" ind2="0" tag="246">
		<subfield code="a">ديوان الشريف الرضي</subfield>
	</datafield>
	<datafield ind1=" " ind2=" " tag="250">
		<subfield code="a">ط.1.</subfield>
	</datafield>
	<datafield ind1=" " ind2=" " tag="260">
		<subfield code="a">القاهرة :</subfield>
		<subfield code="b"> دار إحياء الكتب العربية عيسى البابي الحلبي،</subfield>
		<subfield code="c">1949 م.</subfield>
	</datafield>
	<datafield ind1=" " ind2=" " tag="300">
		<subfield code="a">online resource (ج.1 (479 ص.) ؛)</subfield>
	</datafield>
	<datafield ind1=" " ind2=" " tag="500">
		<subfield code="a">التعريف بالشريف الرضي: ج1: ص5-19.</subfield>
	</datafield>
	<datafield ind1=" " ind2=" " tag="500">
		<subfield code="a">ظهر على صفحة العنوان: تأليف محمد محيي الدين عبد الحميد. المؤلف المذكور قام بشرح ديوان الشريف الرضي.</subfield>
	</datafield>
	<datafield ind1=" " ind2=" " tag="500">
		<subfield code="a">Part of the Arabic Collections Online (ACO) project, contributed by United Arab Emirates National Archives.</subfield>
	</datafield>
	<datafield ind1=" " ind2=" " tag="533">
		<subfield code="a">Electronic reproduction.</subfield>
		<subfield code="b">New York, N.Y. :</subfield>
		<subfield code="c">New York University,</subfield>
		<subfield code="d">2020.</subfield>
		<subfield code="5">NNU</subfield>
	</datafield>
	<datafield ind1=" " ind2=" " tag="541">
		<subfield code="a">هدية سمو الشيخ فالح بن ناصر آل ثاني إلى مكتبة مركز الوثائق والدراسات ابو ظبي</subfield>
	</datafield>
	<datafield ind1="2" ind2="4" tag="600">
		<subfield code="a">الشريف الرضي، محمد بن الحسين،</subfield>
		<subfield code="d">969 أو 970-1016.</subfield>
		<subfield code="v">دواوين و قصائد</subfield>
	</datafield>
	<datafield ind1=" " ind2="4" tag="650">
		<subfield code="a">الشعر العربي</subfield>
		<subfield code="x">تاريخ ونقد</subfield>
		<subfield code="y">العصر العباسي750-1258.</subfield>
	</datafield>
	<datafield ind1=" " ind2="4" tag="650">
		<subfield code="a">الشعر العربي</subfield>
		<subfield code="x">دواوين وقصائد</subfield>
	</datafield>
	<datafield ind1="1" ind2=" " tag="700">
		<subfield code="a">عبد الحميد، محمد محيي الدين، شارح</subfield>
	</datafield>
	<datafield ind1="2" ind2=" " tag="710">
		<subfield code="a">Abu Dhabi (United Arab Emirates).</subfield>
		<subfield code="b">National Archives.</subfield>
	</datafield>
	<datafield ind1="0" ind2=" " tag="730">
		<subfield code="a">Arabic Collections Online.</subfield>
	</datafield>
	<datafield ind1="0" ind2="8" tag="776">
		<subfield code="i">Print version:</subfield>
		<subfield code="a">الشريف الرضي، محمد بن الحسين، 969 أو 970-1016.</subfield>
		<subfield code="t">شرح ديوان الشريف الرضي</subfield>
		<subfield code="w">(aeadna)6161</subfield>
	</datafield>
	<datafield ind1="4" ind2="0" tag="856">
		<subfield code="u">http://hdl.handle.net/2333.1/nzs7hdr9</subfield>
	</datafield>
	<datafield ind1=" " ind2=" " tag="959">
		<subfield code="a">NNU</subfield>
		<subfield code="b">WEB</subfield>
		<subfield code="c">GENI</subfield>
		<subfield code="t">0</subfield>
		<subfield code="m">Electronic access</subfield>
		<subfield code="s">01</subfield>
	</datafield>
	<datafield ind1=" " ind2=" " tag="999">
		<subfield code="i">aeadna_6161</subfield>
		<subfield code="s">uaena_aco000008:1</subfield>
		<subfield code="e">(ERROR-880)</subfield>
	</datafield>
</record>
